[
  {
    "controlfield": [
      {
        "tag": "001",
        "value": "009670326"
      },
      {
        "tag": "005",
        "value": "20191004131526.0"
      },
      {
        "tag": "003",
        "value": "rnb"
      },
      {
        "tag": "008",
        "value": "960426s1795    ru     fr     ||0 u|rus c"
      }
    ],
    "datafield": [
      {
        "ind1": "1",
        "ind2": "#",
        "subfield": [
          {
            "code": "4",
            "value": "aut"
          },
          {
            "code": "a",
            "value": "Августин Аврелий"
          },
          {
            "code": "d",
            "value": "354-430"
          },
          {
            "code": "v",
            "value": "епископ Гиппонийский"
          }
        ],
        "tag": "100"
      },
      {
        "ind1": "0",
        "ind2": "0",
        "subfield": [
          {
            "code": "a",
            "value": "Выбранныя места из книг Блаженнаго Августина о православной кафолической церкви и о нерадящих о ней."
          },
          {
            "code": "c",
            "value": "[Перевел И.С.Тодорский]"
          }
        ],
        "tag": "245"
      },
      {
        "ind1": "#",
        "ind2": "#",
        "subfield": [
          {
            "code": "a",
            "value": "[В Санктпетербурге"
          },
          {
            "code": "b",
            "value": "В Типографии Святейшаго правительствущаго синода"
          },
          {
            "code": "c",
            "value": "1795]"
          }
        ],
        "tag": "260"
      },
      {
        "ind1": "#",
        "ind2": "#",
        "subfield": [
          {
            "code": "a",
            "value": "20 с."
          },
          {
            "code": "c",
            "value": "8°"
          }
        ],
        "tag": "300"
      },
      {
        "ind1": "#",
        "ind2": "#",
        "subfield": [
          {
            "code": "b",
            "value": "Экз. РНБ (138/2897) в соврем. составном картон. пер. бордового цвета с ледериновым корешком коричневого цвета и матерчатыми уголками розового цвета. На нижней крышке пер. экслибрис Русского фонда ГПБ с шифром. На с.1 ярлык с шифром РНБ и круглый штамп ГПБ. На с.20 экслибрис с шифром РНБ. Размер: 20,7х13,3х0,8 см"
          }
        ],
        "tag": "300"
      },
      {
        "ind1": "4",
        "ind2": "#",
        "subfield": [
          {
            "code": "a",
            "value": "СК XVIII 15"
          }
        ],
        "tag": "510"
      },
      {
        "ind1": "1",
        "ind2": "#",
        "subfield": [
          {
            "code": "4",
            "value": "trl"
          },
          {
            "code": "a",
            "value": "Тодорский, Иван Степанович"
          },
          {
            "code": "d",
            "value": "18 в."
          }
        ],
        "tag": "700"
      },
      {
        "ind1": "2",
        "ind2": "#",
        "subfield": [
          {
            "code": "4",
            "value": "prt"
          },
          {
            "code": "a",
            "value": "Петербургская синодальная типография"
          }
        ],
        "tag": "710"
      },
      {
        "ind1": "#",
        "ind2": "#",
        "subfield": [
          {
            "code": "d",
            "value": "Санкт-Петербург"
          }
        ],
        "tag": "752"
      },
      {
        "ind1": "#",
        "ind2": "#",
        "subfield": [
          {
            "code": "a",
            "value": "NLR"
          },
          {
            "code": "j",
            "value": "138/2897"
          }
        ],
        "tag": "852"
      },
      {
        "ind1": "#",
        "ind2": "#",
        "subfield": [
          {
            "code": "a",
            "value": "РГБ"
          }
        ],
        "tag": "852"
      },
      {
        "ind1": "#",
        "ind2": "#",
        "subfield": [
          {
            "code": "a",
            "value": "БАН"
          }
        ],
        "tag": "852"
      },
      {
        "ind1": "#",
        "ind2": "#",
        "subfield": [
          {
            "code": "a",
            "value": "ГПИБ"
          }
        ],
        "tag": "852"
      },
      {
        "ind1": "#",
        "ind2": "#",
        "subfield": [
          {
            "code": "a",
            "value": "NLR: 138/2897"
          }
        ],
        "tag": "852"
      },
      {
        "ind1": "#",
        "ind2": "#",
        "subfield": [
          {
            "code": "a",
            "value": "bx000017035"
          }
        ],
        "tag": "901"
      },
      {
        "ind1": "#",
        "ind2": "#",
        "subfield": [],
        "tag": "035"
      },
      {
        "ind1": "#",
        "ind2": "#",
        "subfield": [
          {
            "code": "a",
            "value": "rnb"
          },
          {
            "code": "b",
            "value": "rus"
          },
          {
            "code": "c",
            "value": "rnb"
          }
        ],
        "tag": "040"
      },
      {
        "ind1": "#",
        "ind2": "#",
        "subfield": [
          {
            "code": "b",
            "value": "rus"
          },
          {
            "code": "c",
            "value": "NLR"
          }
        ],
        "tag": "040"
      },
      {
        "ind1": "#",
        "ind2": "#",
        "subfield": [
          {
            "code": "2",
            "value": "rusmarc"
          },
          {
            "code": "b",
            "value": "rus"
          },
          {
            "code": "d",
            "value": "NLR"
          }
        ],
        "tag": "040"
      },
      {
        "ind1": "1",
        "ind2": "#",
        "subfield": [
          {
            "code": "a",
            "value": "rus"
          },
          {
            "code": "h",
            "value": "lat"
          }
        ],
        "tag": "041"
      },
      {
        "ind1": "#",
        "ind2": "#",
        "subfield": [
          {
            "code": "a",
            "value": "RU"
          }
        ],
        "tag": "044"
      }
    ],
    "leader": "00000nam a2200493 ia4500"
  }
]